%YAML 1.1
%TAG !u! tag:unity3d.com,2011:
--- !u!1 &658995090500179053
GameObject:
  m_ObjectHideFlags: 0
  m_CorrespondingSourceObject: {fileID: 0}
  m_PrefabInstance: {fileID: 0}
  m_PrefabAsset: {fileID: 0}
  serializedVersion: 6
  m_Component:
  - component: {fileID: 658995090500179052}
  - component: {fileID: 658995090500179049}
  - component: {fileID: 658995090500179050}
  - component: {fileID: 658995090500179051}
  m_Layer: 0
  m_Name: Sphere (1)
  m_TagString: Untagged
  m_Icon: {fileID: 0}
  m_NavMeshLayer: 0
  m_StaticEditorFlags: 0
  m_IsActive: 1
--- !u!4 &658995090500179052
Transform:
  m_ObjectHideFlags: 0
  m_CorrespondingSourceObject: {fileID: 0}
  m_PrefabInstance: {fileID: 0}
  m_PrefabAsset: {fileID: 0}
  m_GameObject: {fileID: 658995090500179053}
  m_LocalRotation: {x: -0, y: -0, z: -0, w: 1}
  m_LocalPosition: {x: 0.44889998, y: 0.0322, z: 0.1919}
  m_LocalScale: {x: -0.017169008, y: 0.00006012282, z: -0.017169008}
  m_Children: []
  m_Father: {fileID: 658995090878870153}
  m_RootOrder: 8
  m_LocalEulerAnglesHint: {x: 0, y: 0, z: 0}
--- !u!33 &658995090500179049
MeshFilter:
  m_ObjectHideFlags: 0
  m_CorrespondingSourceObject: {fileID: 0}
  m_PrefabInstance: {fileID: 0}
  m_PrefabAsset: {fileID: 0}
  m_GameObject: {fileID: 658995090500179053}
  m_Mesh: {fileID: 10207, guid: 0000000000000000e000000000000000, type: 0}
--- !u!23 &658995090500179050
MeshRenderer:
  m_ObjectHideFlags: 0
  m_CorrespondingSourceObject: {fileID: 0}
  m_PrefabInstance: {fileID: 0}
  m_PrefabAsset: {fileID: 0}
  m_GameObject: {fileID: 658995090500179053}
  m_Enabled: 1
  m_CastShadows: 1
  m_ReceiveShadows: 1
  m_DynamicOccludee: 1
  m_MotionVectors: 1
  m_LightProbeUsage: 1
  m_ReflectionProbeUsage: 1
  m_RenderingLayerMask: 1
  m_RendererPriority: 0
  m_Materials:
  - {fileID: 2100000, guid: 894a5c238913bb04594e6fec353873d6, type: 2}
  m_StaticBatchInfo:
    firstSubMesh: 0
    subMeshCount: 0
  m_StaticBatchRoot: {fileID: 0}
  m_ProbeAnchor: {fileID: 0}
  m_LightProbeVolumeOverride: {fileID: 0}
  m_ScaleInLightmap: 1
  m_PreserveUVs: 0
  m_IgnoreNormalsForChartDetection: 0
  m_ImportantGI: 0
  m_StitchLightmapSeams: 0
  m_SelectedEditorRenderState: 3
  m_MinimumChartSize: 4
  m_AutoUVMaxDistance: 0.5
  m_AutoUVMaxAngle: 89
  m_LightmapParameters: {fileID: 0}
  m_SortingLayerID: 0
  m_SortingLayer: 0
  m_SortingOrder: 0
--- !u!135 &658995090500179051
SphereCollider:
  m_ObjectHideFlags: 0
  m_CorrespondingSourceObject: {fileID: 0}
  m_PrefabInstance: {fileID: 0}
  m_PrefabAsset: {fileID: 0}
  m_GameObject: {fileID: 658995090500179053}
  m_Material: {fileID: 0}
  m_IsTrigger: 0
  m_Enabled: 1
  serializedVersion: 2
  m_Radius: 0.5
  m_Center: {x: 0, y: 0, z: 0}
--- !u!1 &658995090570418723
GameObject:
  m_ObjectHideFlags: 0
  m_CorrespondingSourceObject: {fileID: 0}
  m_PrefabInstance: {fileID: 0}
  m_PrefabAsset: {fileID: 0}
  serializedVersion: 6
  m_Component:
  - component: {fileID: 658995090570418722}
  - component: {fileID: 658995090570418751}
  - component: {fileID: 658995090570418720}
  - component: {fileID: 658995090570418721}
  m_Layer: 0
  m_Name: Sphere
  m_TagString: Untagged
  m_Icon: {fileID: 0}
  m_NavMeshLayer: 0
  m_StaticEditorFlags: 0
  m_IsActive: 1
--- !u!4 &658995090570418722
Transform:
  m_ObjectHideFlags: 0
  m_CorrespondingSourceObject: {fileID: 0}
  m_PrefabInstance: {fileID: 0}
  m_PrefabAsset: {fileID: 0}
  m_GameObject: {fileID: 658995090570418723}
  m_LocalRotation: {x: 0, y: 0, z: 0, w: 1}
  m_LocalPosition: {x: 0.4489, y: 0.0192, z: 0.1919}
  m_LocalScale: {x: -0.034839377, y: 0.000121634715, z: -0.034839377}
  m_Children: []
  m_Father: {fileID: 658995090878870153}
  m_RootOrder: 7
  m_LocalEulerAnglesHint: {x: 0, y: 0, z: 0}
--- !u!33 &658995090570418751
MeshFilter:
  m_ObjectHideFlags: 0
  m_CorrespondingSourceObject: {fileID: 0}
  m_PrefabInstance: {fileID: 0}
  m_PrefabAsset: {fileID: 0}
  m_GameObject: {fileID: 658995090570418723}
  m_Mesh: {fileID: 10207, guid: 0000000000000000e000000000000000, type: 0}
--- !u!23 &658995090570418720
MeshRenderer:
  m_ObjectHideFlags: 0
  m_CorrespondingSourceObject: {fileID: 0}
  m_PrefabInstance: {fileID: 0}
  m_PrefabAsset: {fileID: 0}
  m_GameObject: {fileID: 658995090570418723}
  m_Enabled: 1
  m_CastShadows: 1
  m_ReceiveShadows: 1
  m_DynamicOccludee: 1
  m_MotionVectors: 1
  m_LightProbeUsage: 1
  m_ReflectionProbeUsage: 1
  m_RenderingLayerMask: 1
  m_RendererPriority: 0
  m_Materials:
  - {fileID: 2100000, guid: 894a5c238913bb04594e6fec353873d6, type: 2}
  m_StaticBatchInfo:
    firstSubMesh: 0
    subMeshCount: 0
  m_StaticBatchRoot: {fileID: 0}
  m_ProbeAnchor: {fileID: 0}
  m_LightProbeVolumeOverride: {fileID: 0}
  m_ScaleInLightmap: 1
  m_PreserveUVs: 0
  m_IgnoreNormalsForChartDetection: 0
  m_ImportantGI: 0
  m_StitchLightmapSeams: 0
  m_SelectedEditorRenderState: 3
  m_MinimumChartSize: 4
  m_AutoUVMaxDistance: 0.5
  m_AutoUVMaxAngle: 89
  m_LightmapParameters: {fileID: 0}
  m_SortingLayerID: 0
  m_SortingLayer: 0
  m_SortingOrder: 0
--- !u!135 &658995090570418721
SphereCollider:
  m_ObjectHideFlags: 0
  m_CorrespondingSourceObject: {fileID: 0}
  m_PrefabInstance: {fileID: 0}
  m_PrefabAsset: {fileID: 0}
  m_GameObject: {fileID: 658995090570418723}
  m_Material: {fileID: 0}
  m_IsTrigger: 0
  m_Enabled: 1
  serializedVersion: 2
  m_Radius: 0.5
  m_Center: {x: 0, y: 0, z: 0}
--- !u!1 &658995091053574046
GameObject:
  m_ObjectHideFlags: 0
  m_CorrespondingSourceObject: {fileID: 0}
  m_PrefabInstance: {fileID: 0}
  m_PrefabAsset: {fileID: 0}
  serializedVersion: 6
  m_Component:
  - component: {fileID: 658995091053574045}
  m_Layer: 0
  m_Name: PSC
  m_TagString: Untagged
  m_Icon: {fileID: 0}
  m_NavMeshLayer: 0
  m_StaticEditorFlags: 0
  m_IsActive: 1
--- !u!4 &658995091053574045
Transform:
  m_ObjectHideFlags: 0
  m_CorrespondingSourceObject: {fileID: 0}
  m_PrefabInstance: {fileID: 0}
  m_PrefabAsset: {fileID: 0}
  m_GameObject: {fileID: 658995091053574046}
  m_LocalRotation: {x: 0, y: 0, z: 0, w: 1}
  m_LocalPosition: {x: 25.04, y: -1, z: 3.11}
  m_LocalScale: {x: 1, y: 1, z: 1}
  m_Children:
  - {fileID: 658995090878870153}
  m_Father: {fileID: 0}
  m_RootOrder: 0
  m_LocalEulerAnglesHint: {x: 0, y: 0, z: 0}
--- !u!1001 &658995090878474243
PrefabInstance:
  m_ObjectHideFlags: 0
  serializedVersion: 2
  m_Modification:
    m_TransformParent: {fileID: 658995091053574045}
    m_Modifications:
    - target: {fileID: 100010, guid: 4735e67c9e0063f4e86fc68c36659546, type: 3}
      propertyPath: m_Name
      value: PSC (1)
      objectReference: {fileID: 0}
    - target: {fileID: 400010, guid: 4735e67c9e0063f4e86fc68c36659546, type: 3}
      propertyPath: m_LocalPosition.x
      value: -4.69
      objectReference: {fileID: 0}
    - target: {fileID: 400010, guid: 4735e67c9e0063f4e86fc68c36659546, type: 3}
      propertyPath: m_LocalPosition.y
      value: 0.06099999
      objectReference: {fileID: 0}
    - target: {fileID: 400010, guid: 4735e67c9e0063f4e86fc68c36659546, type: 3}
      propertyPath: m_LocalPosition.z
      value: -1.929
      objectReference: {fileID: 0}
    - target: {fileID: 400010, guid: 4735e67c9e0063f4e86fc68c36659546, type: 3}
      propertyPath: m_LocalRotation.x
      value: -0
      objectReference: {fileID: 0}
    - target: {fileID: 400010, guid: 4735e67c9e0063f4e86fc68c36659546, type: 3}
      propertyPath: m_LocalRotation.y
      value: -0
      objectReference: {fileID: 0}
    - target: {fileID: 400010, guid: 4735e67c9e0063f4e86fc68c36659546, type: 3}
      propertyPath: m_LocalRotation.z
      value: -0
      objectReference: {fileID: 0}
    - target: {fileID: 400010, guid: 4735e67c9e0063f4e86fc68c36659546, type: 3}
      propertyPath: m_LocalRotation.w
      value: 1
      objectReference: {fileID: 0}
    - target: {fileID: 400010, guid: 4735e67c9e0063f4e86fc68c36659546, type: 3}
      propertyPath: m_RootOrder
      value: 0
      objectReference: {fileID: 0}
    - target: {fileID: 400010, guid: 4735e67c9e0063f4e86fc68c36659546, type: 3}
      propertyPath: m_LocalEulerAnglesHint.x
      value: 0
      objectReference: {fileID: 0}
    - target: {fileID: 400010, guid: 4735e67c9e0063f4e86fc68c36659546, type: 3}
      propertyPath: m_LocalEulerAnglesHint.y
      value: 0
      objectReference: {fileID: 0}
    - target: {fileID: 400010, guid: 4735e67c9e0063f4e86fc68c36659546, type: 3}
      propertyPath: m_LocalEulerAnglesHint.z
      value: 0
      objectReference: {fileID: 0}
    - target: {fileID: 400010, guid: 4735e67c9e0063f4e86fc68c36659546, type: 3}
      propertyPath: m_LocalScale.x
      value: 10
      objectReference: {fileID: 0}
    - target: {fileID: 400010, guid: 4735e67c9e0063f4e86fc68c36659546, type: 3}
      propertyPath: m_LocalScale.y
      value: 10
      objectReference: {fileID: 0}
    - target: {fileID: 400010, guid: 4735e67c9e0063f4e86fc68c36659546, type: 3}
      propertyPath: m_LocalScale.z
      value: 10
      objectReference: {fileID: 0}
    - target: {fileID: 2300000, guid: 4735e67c9e0063f4e86fc68c36659546, type: 3}
      propertyPath: m_Materials.Array.data[0]
      value: 
      objectReference: {fileID: 2100000, guid: 08aa144d142b7664e85428d6f031d970, type: 2}
    - target: {fileID: 2300002, guid: 4735e67c9e0063f4e86fc68c36659546, type: 3}
      propertyPath: m_Materials.Array.data[0]
      value: 
      objectReference: {fileID: 2100000, guid: 61aebaccdc801714a8ffdfc765be6271, type: 2}
    - target: {fileID: 2300004, guid: 4735e67c9e0063f4e86fc68c36659546, type: 3}
      propertyPath: m_Materials.Array.data[0]
      value: 
      objectReference: {fileID: 2100000, guid: 61aebaccdc801714a8ffdfc765be6271, type: 2}
    - target: {fileID: 2300004, guid: 4735e67c9e0063f4e86fc68c36659546, type: 3}
      propertyPath: m_Materials.Array.data[1]
      value: 
      objectReference: {fileID: 2100000, guid: 61aebaccdc801714a8ffdfc765be6271, type: 2}
    - target: {fileID: 2300006, guid: 4735e67c9e0063f4e86fc68c36659546, type: 3}
      propertyPath: m_Materials.Array.data[0]
      value: 
      objectReference: {fileID: 2100000, guid: a89c9017e385d0e4abe6228d61995a75, type: 2}
    - target: {fileID: 2300006, guid: 4735e67c9e0063f4e86fc68c36659546, type: 3}
      propertyPath: m_Materials.Array.data[1]
      value: 
      objectReference: {fileID: 2100000, guid: a89c9017e385d0e4abe6228d61995a75, type: 2}
    - target: {fileID: 2300006, guid: 4735e67c9e0063f4e86fc68c36659546, type: 3}
      propertyPath: m_Materials.Array.data[2]
      value: 
      objectReference: {fileID: 2100000, guid: a89c9017e385d0e4abe6228d61995a75, type: 2}
    - target: {fileID: 2300008, guid: 4735e67c9e0063f4e86fc68c36659546, type: 3}
      propertyPath: m_Materials.Array.data[0]
      value: 
      objectReference: {fileID: 2100000, guid: a89c9017e385d0e4abe6228d61995a75, type: 2}
    - target: {fileID: 2300008, guid: 4735e67c9e0063f4e86fc68c36659546, type: 3}
      propertyPath: m_Materials.Array.data[1]
      value: 
      objectReference: {fileID: 2100000, guid: a89c9017e385d0e4abe6228d61995a75, type: 2}
    - target: {fileID: 2300008, guid: 4735e67c9e0063f4e86fc68c36659546, type: 3}
      propertyPath: m_Materials.Array.data[2]
      value: 
      objectReference: {fileID: 2100000, guid: a89c9017e385d0e4abe6228d61995a75, type: 2}
    - target: {fileID: 2300010, guid: 4735e67c9e0063f4e86fc68c36659546, type: 3}
      propertyPath: m_Materials.Array.data[0]
      value: 
      objectReference: {fileID: 2100000, guid: 69f5ac7d5c9142f47947cca8920dbb40, type: 2}
    - target: {fileID: 2300012, guid: 4735e67c9e0063f4e86fc68c36659546, type: 3}
      propertyPath: m_Materials.Array.data[0]
      value: 
      objectReference: {fileID: 2100000, guid: 69f5ac7d5c9142f47947cca8920dbb40, type: 2}
    m_RemovedComponents: []
  m_SourcePrefab: {fileID: 100100000, guid: 4735e67c9e0063f4e86fc68c36659546, type: 3}
--- !u!4 &658995090878870153 stripped
Transform:
  m_CorrespondingSourceObject: {fileID: 400010, guid: 4735e67c9e0063f4e86fc68c36659546,
    type: 3}
  m_PrefabInstance: {fileID: 658995090878474243}
  m_PrefabAsset: {fileID: 0}
